@InCollection{murray2006,
author = {Iain Murray and Zoubin Ghahramani and David J. C. MacKay},
title = {{MCMC} for doubly-intractable distributions},
booktitle = {Proc. 22nd Conf. Uncert. Artif. Intell.},
publisher={AUAI Press},
year = {2006},
pages = {359--366}
}

@article{Moller2006,
author = {M{\o}ller, J. and Pettitt, A. N. and Reeves, R. and Berthelsen, K. K.},
title = {{An efficient Markov chain Monte Carlo method for distributions with intractable normalising constants}},
volume = {93},
number = {2},
pages = {451-458},
year = {2006},
doi = {10.1093/biomet/93.2.451},
abstract ={Maximum likelihood parameter estimation and sampling from Bayesian posterior distributions are problematic when the probability density for the parameter of interest involves an intractable normalising constant which is also a function of that parameter. In this paper, an auxiliary variable method is presented which requires only that independent samples can be drawn from the unnormalised density at any particular parameter value. The proposal distribution is constructed so that the normalising constant cancels from the Metropolis-Hastings ratio. The method is illustrated by producing posterior samples for parameters of the Ising model given a particular lattice realisation.},
URL = {http://biomet.oxfordjournals.org/content/93/2/451.abstract},
eprint = {http://biomet.oxfordjournals.org/content/93/2/451.full.pdf+html},
journal = {Biometrika}
}

@article{Nea2000,
author=		"R. M. Neal",
title=		"{M}arkov Chain Sampling Methods for {D}irichlet Process
		 Mixture Models",
journal=	"Journal of Comp. Graph.Statist.",
volume=		"9",
pages=		"249-265",
year=		"2000"
}

%author = {Andrew Barron and Mark J. Schervish and Larry Wasserman},
@ARTICLE{barron,
      author = { Barron, A. and  Schervish, M.J.  and  Wasserman, L.},
      title = {The Consistency of Posterior Distributions in Nonparametric Problems},
      journal = {Ann.  Statist.},
      year = {1996},
      volume = {27},
      pages = {536--561}
}






@Article{abs1,
   author =   {Bhattacharya, A. and Dunson, D.},
   title =    {Nonparametric {B}ayesian Density Estimation on Manifolds with Applications to Planar Shapes},
   journal =      {Biometrika},
   year =     {2010},
   volume={97},
   pages={851-865},
  }





@Article{abs2,
   author =   {Bhattacharya, A. and Dunson, D.},
    journal =      {Ann Inst Stat Math.},
   title =    {Strong consistency of nonparametric {B}ayes density estimation on compact metric spaces},
   year =     {2012},
   volume={64(4)},
   pages={687-714},
   }





@Article{bultler,
   author =   { Butler, R.W. and  Wood, A.T.A.},
   title =   { Laplace approximation for {B}essel functions of matrix argument},
   journal = {Journal of Computational and Applied Mathematics},
   year =  {2003},
   volume={155(2)},
   pages={359-382},
  }






@ARTICLE{Edelman98thegeometry,
    author = { Edelman, A. and  Arias, T. A. and  Smith, S. T.},
    title = {The geometry of algorithms with orthogonality constraints},
    journal = {SIAM J. Matrix Anal. Appl},
    year = {1998},
    volume = {20},
    number = {2},
    pages = {303--353},
}

   @book{jk,
   author =   {Ghosh, J.K. and Ramamoorthi, R. },
   title =    {Bayesian Nonparametrics},
   publisher={ Springer, New York},
   year =     {2003},
 }

 @book{chikusebook,
   author =  {Chikuse, Y.},
   title = {Statistics on Special Manifolds},
   publisher ={Springer, New York},
   year = {2003},

 }

 @book{rabibook,
      author = {Bhattacharya, A. and Bhattacharya, R.},
      title = {Nonparametric Inference on Manifolds: With Applications to Shape Spaces},
      publisher = {IMS monograph series 2. Cambridge University Press},
      year = {2012},
      }




@Article{schwartz,
   author =   {Schwartz, L.},
   title =    {On {B}ayes procedures},
   journal =  {Z. Wahrsch. Verw. Gebiete},
   year =     {1965},
   volume =   {4},
   pages =    {10-26},
 }


 @article{DB,
  author    = {Pavan K. Turaga and
               Ashok Veeraraghavan and
               Anuj Srivastava and
               Rama Chellappa},
  title     = {Statistical Computations on Grassmann and Stiefel Manifolds
               for Image and Video-Based Recognition},
  journal   = {IEEE Trans. Pattern Anal. Mach. Intell.},
  volume    = {33},
  number    = {11},
  year      = {2011},
  pages     = {2273-2286},
}



@article{khatri1977,
    author = {Khatri, C. G. and Mardia, K. V.},
    citeulike-article-id = {9292971},
    citeulike-linkout-0 = {http://dx.doi.org/10.2307/2984884},
    citeulike-linkout-1 = {http://www.jstor.org/stable/2984884},
    doi = {10.2307/2984884},
    issn = {00359246},
    journal = {J. R. Statist. Soc. B},
    keywords = {random\_orthogonal\_matrix},
    number = {1},
    posted-at = {2011-05-13 15:13:48},
    priority = {2},
    publisher = {Blackwell Publishing for the Royal Statistical Society},
    title = {{The von Mises--Fisher matrix distribution in orientation statistics}},
    url = {http://dx.doi.org/10.2307/2984884},
    volume = {39},
    pages={95--106},
    year = {1977}
}


@article{hoff2009,
    author = {Hoff, P. D.},
    citeulike-article-id = {12027639},
    journal = {J. Comp. Graph. Stat.},
    number = {2},
    pages = {438--456},
    posted-at = {2013-02-14 01:58:32},
    priority = {2},
    publisher = {American Statistical Association},
    title = {{Simulation of the matrix Bingham--von Mises--Fisher distribution, with applications to multivariate and relational data}},
    volume = {18},
    year = {2009}
}



@article{hornik2013,
title = {{On conjugate families and Jeffreys priors for von Mises Fisher distributions }},
journal = "J. Statist. Plan. Inf. ",
volume = "143",
number = "5",
pages = "992 - 999",
year = "2013",
note = "",
issn = "0378-3758",
doi = "10.1016/j.jspi.2012.11.003",
url = "http://www.sciencedirect.com/science/article/pii/S0378375812003448",
author = "Kurt Hornik and Bettina Grün",
keywords = "Bayesian inference",
keywords = "Conjugate prior",
keywords = "Jeffreys prior",
keywords = "von Mises–Fisher distribution "
}


@ARTICLE{chikuse1993,
title = {High Dimensional Asymptotic Expansions for the Matrix Langevin Distributions on the Stiefel Manifold},
author = {Chikuse, Y.},
year = {1993},
journal = {Journal of Multivariate Analysis},
volume = {44},
number = {1},
pages = {82-101},
url = {http://EconPapers.repec.org/RePEc:eee:jmvana:v:44:y:1993:i:1:p:82-101}
}

@article{chikuse2003,
title = "Concentrated matrix Langevin distributions ",
journal = "Journal of Multivariate Analysis ",
volume = "85",
number = "2",
pages = "375 - 394",
year = "2003",
note = "",
issn = "0047-259X",
doi = "10.1016/S0047-259X(02)00065-9",
url = "http://www.sciencedirect.com/science/article/pii/S0047259X02000659",
author = "Yasuko Chikuse",
keywords = "Stiefel manifold",
keywords = "Grassmann manifold",
keywords = "Orthogonal projection matrix",
keywords = "Asymptotics for large concentrations",
keywords = "Matrix Langevin distributions",
keywords = "Hypergeometric functions with matrix arguments "
}

@article{chikuse2006,
title = "State space models on special manifolds ",
journal = "Journal of Multivariate Analysis ",
volume = "97",
number = "6",
pages = "1284 - 1294",
year = "2006",
note = "",
issn = "0047-259X",
doi = "10.1016/j.jmva.2006.03.002",
url = "http://www.sciencedirect.com/science/article/pii/S0047259X06000364",
author = "Yasuko Chikuse",
keywords = "State space model",
keywords = "Stiefel manifold",
keywords = "Grassmann manifold",
keywords = "Matrix Langevin distributions",
keywords = "Posterior mode estimation",
keywords = "Iterative method "
}

@Article{ AndRob10,
      author = "Christophe Andrieu and Gareth O. Roberts",
      citeulike-article-id = "7606708",
      citeulike-linkout-0 = "http://dx.doi.org/10.1214/07-AOS574",
      doi = "10.1214/07-AOS574",
      issn = "0090-5364",
      journal = "Ann. Statist.",
      keywords = "bayes, smc, stats",
      month = apr,
      number = "2",
      pages = "697--725",
      posted-at = "2010-08-10 12:49:44",
      priority = "2",
      title = "{The pseudo-marginal approach for efficient Monte Carlo computations}",
      url = "http://dx.doi.org/10.1214/07-AOS574",
      volume = "37",
      year = "2009"
}

@article{hoff2009jrssb,
    author = {Hoff, P. D.},
    title = {A Hierarchical Eigenmodel for Pooled Covariance Estimation},
    year = {2009},
    journal = {J. R. Statist. Soc. B},
    volume = {71},
    number = {5},
    pages = {971--992},
    cisid = {306321},
    eprint = {arXiv:0804.0031},
    url = { http://www.stat.washington.edu/hoff/Code/hoff_2009_jrssb}
}

@book{muir2005,
      author = {Muirhead, Robb J.},
      biburl = {http://www.bibsonomy.org/bibtex/2410d53b128be06949a71a5dbce51facc/ytyoun},
      interhash = {ba679b25bfbd69cb79c0af8475c454a1},
      intrahash = {410d53b128be06949a71a5dbce51facc},
      keywords = {multivariate stat},
      publisher = {Wiley-Interscience},
      timestamp = {2011-02-15T15:41:05.000+0100},
      title = {Aspects of Multivariate Statistical Theory},
      year = 2005
}


@article{Walker2011,
  author = {Walker, Stephen G.},
  title = {Posterior Sampling When the Normalizing Constant is Unknown},
  journal = {Communications in Statistics - Simulation and Computation},
  volume = {40},
  number = {5},
  pages = {784-792},
  year = {2011},
  doi = {10.1080/03610918.2011.555042},
  URL = {http://www.tandfonline.com/doi/abs/10.1080/03610918.2011.555042},
  eprint = {http://www.tandfonline.com/doi/pdf/10.1080/03610918.2011.555042}
}

@InCollection{papas2009,
author = {Omiros Papaspiliopoulos},
title = {A methodological framework for Monte Carlo probabilistic inference for diffusion processes},
booktitle = {Inference and Learning in Dynamic Models},
publisher={Cambridge University Press},
year = {2009},
}



@book{pollark,
author = {Omiros Papaspiliopoulos},
title = {A methodological framework for Monte Carlo probabilistic inference for diffusion processes},
booktitle = {Inference and Learning in Dynamic Models},
publisher={Cambridge University Press},
year = {2009},
}



@book{pollard,
      author = {Pollard, D.},
      title = {Empirical processes: theory and applications},
      publisher = {NSF-CBMS Regional Conference Series in Probability and Statistics},
      volume={2},
      year = {1990},
      }



@article{schwarz,
    author = {Schwarz, G.},
    title = {Estimation the dimension of a model},
    year = {1978},
    journal = {The Annals of Statistics},
    volume = {6},
    number = {2},
    pages = {461-464},

}





@article{Wagner1987,
  title = "Unbiased monte carlo evaluation of certain functional integrals ",
  journal = "Journal of Computational Physics ",
  volume = "71",
  number = "1",
  pages = "21 - 33",
  year = "1987",
  note = "",
  issn = "0021-9991",
  doi = "http://dx.doi.org/10.1016/0021-9991(87)90017-9",
  url = "http://www.sciencedirect.com/science/article/pii/0021999187900179",
  author = "Wolfgang Wagner"
}


@article{Luke1972,
  title = "Inequalities for generalized hypergeometric functions ",
  journal = "Journal of Approximation Theory ",
  volume = "5",
  number = "1",
  pages = "41 - 65",
  year = "1972",
  note = "",
  issn = "0021-9045",
  doi = "http://dx.doi.org/10.1016/0021-9045(72)90028-7",
  url = "http://www.sciencedirect.com/science/article/pii/0021904572900287",
  author = "Yudell L Luke"
}

@incollection{adams_gpds,
 title = {The {G}aussian Process Density Sampler},
 author = {Ryan Prescott Adams and Iain Murray and David J. C. MacKay},
 booktitle = {Adv. Neural Inf. Process. Syst. 21},
 publisher = "MIT Press",
 editor = {D. Koller and D. Schuurmans and Y. Bengio and L. Bottou},
 pages = {9--16},
 year = {2009}
}

@phdthesis{camanothesis,
  author =    {Gabriel Camano-Garcia},
  title=	"Statistics on Stiefel manifolds",
  school=	"University of Iowa",
year=		"2006"
}


@article{wood1994,
  added-at = {2011-01-15T21:10:40.000+0100},
  author = {Andrew T. A. Wood},
  biburl = {http://www.bibsonomy.org/bibtex/251a4d440670baa134ab621db1b646aed/ytyoun},
  interhash = {d3f60f1b17f40c08f43942ef36e5599c},
  intrahash = {51a4d440670baa134ab621db1b646aed},
  issn = {0361-0918},
  journal = {Commun. Statist. Simulat.},
  keywords = {von-mises-fisher},
  number = 1,
  pages = {157--164},
  publisher = {Taylor \& Francis},
  timestamp = {2011-01-15T21:10:40.000+0100},
  title = {{Simulation of the von Mises--Fisher distribution}},
  volume = 23,
  year = 1994
}

@article{Neal10,
    author = {Neal, Radford M.},
    citeulike-article-id = {12118398},
    journal = {Handbook of Markov Chain Monte Carlo},
    pages = {113--162},
    posted-at = {2013-03-06 23:35:00},
    priority = {2},
    title = {{MCMC} Using {Hamiltonian} Dynamics},
    volume = {54},
    year = {2010}
}

@incollection{Neal2010,
 title = {{MCMC} Using {Hamiltonian} Dynamics},
 author = {Neal, Radford M.},
 booktitle = {Handbook of Markov Chain Monte Carlo},
 publisher = "Chapman \& Hall/CRC Press, Boca Raton, Florida",
 editor = {S. P.  Brooks and A. Gelman and G. L. Jones and and X.-L. Meng},
 pages = {113--162},
 year = {2010}
}

@incollection{vecdata,
   author =   {Downs, T. D.  and Liebman, J. and Mackay, W.},
   booktitle ={Vectorcardiography 2: Proc. XIth Intn. Symp. Vectorcardiography}, 
   editor = {I. Hoffman, R.I. Hamby and E. Glassman, Eds.},
   title = {Statistical methods for vectorcardiogram orientations},
   year = {1971},
   pages={216-222},
   publisher={North-Holland, Amsterdam.},
   }


@article{Fer1973,
original=	"papers/Fer1973-DirichletProcess.djvu",
author=		"T. S. Ferguson",
title=		"A {B}ayesian Analysis of Some Nonparametric Problems",
journal=	"The Annals of Statistics",
volume=		"1",
number=		"2",
pages=		"209-230",
year=		"1973"
}


@techreport{Pit2002a,
author=		"J. Pitman",
title=		"Combinatorial Stochastic Processes",
number=         "621",
institution=    "Department of Statistics, University of California at
                Berkeley",
note=           "Lecture notes for St. Flour Summer School",
year=		"2002"
}

@article{beskos05_old,
         volume = {15},
         number = {4},
         month = {November},
         author = {A. Beskos and G.O. Roberts},
         title = {Exact simulation of diffusions},
         publisher = {Inst. Mathematical Statistics},
         year = {2005},
         journal = {Ann. App. Prob.},
         pages = {2422 -- 2444},
         keywords = {exact simulation, rejection sampling, Girsanov theorem, boundary hitting time},
}

@article{beskos06,
  title={Exact and computationally efficient likelihood-based estimation for discretely observed diffusion processes},
  author={Beskos, Alexandros and Papaspiliopoulos, Omiros and Roberts, Gareth O and Fearnhead, Paul},
  journal={J. R. Statist. Soc. B},
  volume={68},
  number={3},
  pages={333--382},
  year={2006},
  publisher={Wiley Online Library}
}

@misc{hoff_rstiefel,
    archivePrefix = {arXiv},
    author = {Hoff, P. D.},
    citeulike-article-id = {12272092},
    citeulike-linkout-0 = {http://arxiv.org/abs/1304.3673},
    citeulike-linkout-1 = {http://arxiv.org/pdf/1304.3673},
    day = {12},
    eprint = {1304.3673},
    keywords = {bayes, network\_models, social\_network},
    month = apr,
    posted-at = {2013-04-15 08:34:52},
    priority = {2},
    title = {{Bayesian analysis of matrix data with rstiefel}},
    journal = {R-vignette},
    url = {http://arxiv.org/abs/1304.3673},
    year = {2013}
}

@ARTICLE{Rcoda2006,
  AUTHOR = {Martyn Plummer and Nicky Best and Kate Cowles and Karen Vines},
  TITLE = {{CODA}: Convergence Diagnosis and Output Analysis for {MCMC}},
  JOURNAL = {R News},
  YEAR = 2006,
  VOLUME = 6,
  NUMBER = 1,
  PAGES = {7--11},
  MONTH = {March},
  URL = {http://CRAN.R-project.org/doc/Rnews/},
  PDF = {http://CRAN.R-project.org/doc/Rnews/Rnews_2006-1.pdf}
}

incollection{veccard,
 title = {Statistical methods for vectorcardiogram orientations},
 author = {T. D. Downs and J. Liebman and W. Mackay},
 booktitle = {Vectorcardiography 2: Proc. XIth International Symposium on Vectorcardiography},
 year = {1971}
}

@article{IshJam2001,
original=	"papers/IshJam2001-StickBreakingPriors.djvu",
author=		"H. Ishwaran and L. F. James",
title=		"{G}ibbs Sampling Methods for Stick-Breaking Priors",
journal=        "J. Amer. Statist. Assoc.",
volume=		"96",
number=		"453",
pages=		"161-173",
year=		"2001"
}

@article{Sei2013440,
  title = {{Properties and applications of Fisher distribution on the rotation group}},
  journal = "Journal of Multivariate Analysis ",
  volume = "116",
  number = "0",
  pages = "440 - 455",
  year = "2013",
  note = "",
  issn = "0047-259X",
  doi = "http://dx.doi.org/10.1016/j.jmva.2013.01.010",
  url = "http://www.sciencedirect.com/science/article/pii/S0047259X13000110",
  author = "Tomonari Sei and Hiroki Shibata and Akimichi Takemura and Katsuyoshi Ohara and Nobuki Takayama",
  keywords = "Algebraic statistics",
  keywords = "Directional statistics",
  keywords = "Holonomic gradient descent",
  keywords = "Maximum likelihood estimation",
  keywords = "Rotation group "
}


@article{walker11,
  author = {Walker, Stephen G.},
  title = {Posterior Sampling When the Normalizing Constant is Unknown},
  journal = {Commun. Statist. Simulat.},
  volume = {40},
  number = {5},
  pages = {784-792},
  year = {2011},
  doi = {10.1080/03610918.2011.555042},
  URL = {http://www.tandfonline.com/doi/abs/10.1080/03610918.2011.555042},
  eprint = {http://www.tandfonline.com/doi/pdf/10.1080/03610918.2011.555042}
}

@article{Postman1986,
  author = {Postman, M. and Huchra, J. and Geller, M.},
  citeulike-article-id = {8353320},
  journal = {Astron. J.},
  pages = {1238--1247},
  posted-at = {2010-12-03 15:24:51},
  priority = {0},
  title = {Probes of large-scale structure in the {C}orona {B}orealis region},
  volume = {92},
  year = {1986}
}

@article{jones2001,
  ajournal = "Statist. Sci.",
  author = "Jones, Galin L. and Hobert, James P.",
  doi = "10.1214/ss/1015346317",
  journal = "Statist. Sci.",
  month = "11",
  number = "4",
  pages = "312--334",
  publisher = "The Institute of Mathematical Statistics",
  title = {{Honest exploration of intractable probability distributions via
     Markov chain Monte Carlo}},
  url = "http://dx.doi.org/10.1214/ss/1015346317",
  volume = "16",
  year = "2001"
}

@book{Robert99,
   author = {Robert, Christian P. and Casella, George},
   title = {Monte Carlo Statistical Methods},
   year = {1999},
   isbn = {0387212396},
   publisher = {Springer-Verlag, New York}
} 

@book{Robert05,
   author = {Robert, Christian P. and Casella, George},
   title = {Monte Carlo Statistical Methods},
   year = {2005},
   isbn = {0387212396},
   publisher = {Springer-Verlag, New York, Inc.},
} 

@article{murray2010,
  title={Elliptical slice sampling},
  author={Iain Murray and Ryan Prescott Adams and David J.C. MacKay},
  journal={J. Mach. Learn. Res. W\&CP},
  volume={9},
    pages={541--548},
  year={2010}
}

@article{Brink07,
    abstract = {Acute graft-versus-host disease ({GVHD}) is diagnosed by clinical and histologic criteria that are often nonspecific and typically apparent only after the disease is well established. Because {GvHD} is mediated by donor T cells and other immune effector cells, we sought to determine whether changes within a wide array of peripheral blood lymphocyte populations could predict the development of {GvHD}. Peripheral blood samples from 31 patients undergoing allogeneic blood and marrow transplant were analyzed for the proportion of 121 different subpopulations defined by 4-color combinations of lymphocyte phenotypic and activation markers at progressive time points posttransplant. Samples were processed using a newly developed highcontentflowcytometry technique and subjected to a spline- and functional linear discriminant analysis ({FLDA})-based temporal analysis technique. This strategy identified a consistent posttransplant increase in the proportion and extent of fluctuation of {CD3}+{CD4}+{CD8β}+ cells in patients who developed {GVHD} compared to those that did not. Although larger prospective clinical studies will be necessary to validate these results, this study demonstrates that high-contentflowcytometry coupled with temporal analysis is a powerful approach for developing new diagnostic tools, and may be useful for developing a sensitive and specific predictive test for {GVHD}.},
    author = {Brinkman, Ryan R. and Gasparetto, Maura and Lee, Shang-Jung J. and Ribickas, Albert J. and Perkins, Janelle and Janssen, William and Smiley, Renee and Smith, Clay},
    citeulike-article-id = {10875811},
    citeulike-linkout-0 = {http://dx.doi.org/10.1016/j.bbmt.2007.02.002},
    doi = {10.1016/j.bbmt.2007.02.002},
    issn = {10838791},
    journal = {Biol. Blood Marrow Trans.},
    keywords = {miscelannea},
    month = jun,
    number = {6},
    pages = {691--700},
    posted-at = {2012-07-11 17:02:36},
    priority = {2},
    title = {{High-Content} Flow Cytometry and Temporal Data Analysis for Defining a Cellular Signature of {graft-versus}-Host Disease},
    url = {http://dx.doi.org/10.1016/j.bbmt.2007.02.002},
    volume = {13},
    year = {2007}
}

@article{Goeth09,
title = "Modeling interval-censored, clustered cow udder quarter infection times through the shared Gamma frailty model",
journal = "J. Agr. Biol. Envir. Statist.",
volume = "14",
number = "1",
pages = "1--14",
year = "2009",
author = "K. Goethals and B. Ampe and D. Berkvens and H. Laevens and P. Janssen and L. Duchateau"
}

@article{Alai2013,
  title = "Lifetime dependence modelling using a truncated multivariate {G}amma distribution ",
  journal = "Insurance Math. Econom. ",
  volume = "52",
  number = "3",
  pages = "542--549",
  year = "2013",
  note = "",
  issn = "0167-6687",
  doi = "http://dx.doi.org/10.1016/j.insmatheco.2013.03.011",
  url = "http://www.sciencedirect.com/science/article/pii/S016766871300053X",
  author = "Daniel H. Alai and Zinoviy Landsman and Michael Sherris",
  keywords = "Systematic longevity risk",
  keywords = "Dependence",
  keywords = "Multivariate gamma",
  keywords = "Lifetime distribution",
  keywords = "Annuity valuation "
}

@article{Lee2012,
   author = {Lee, Gyemin and Scott, Clayton},
   title = {{EM} Algorithms for Multivariate {G}aussian Mixture Models with Truncated and Censored Data},
   journal = {Comput. Statist. Data Anal.},
   issue_date = {September, 2012},
   volume = {56},
   number = {9},
   month = sep,
   year = {2012},
   issn = {0167-9473},
   pages = {2816--2829},
   numpages = {14},
   url = {http://dx.doi.org/10.1016/j.csda.2012.03.003},
   doi = {10.1016/j.csda.2012.03.003},
   acmid = {2206482},
   publisher = {Elsevier Science Publishers B. V.},
   address = {Amsterdam, The Netherlands, The Netherlands},
   keywords = {Censoring, EM algorithm, Multivariate Gaussian mixture model, Multivariate truncated Gaussian distribution, Truncation},
} 


@article{verb2014,
    author = {Roel, Verbelen and Antonio, Katrien and Claeskens, Gerda}, 
    month = dec,
    title = "Multivariate Mixtures of {E}rlangs for Density Estimation Under Censoring and Truncation",
    journal = {Available at http://ssrn.com/abstract=2545391},
    year = {2014}
}

@ARTICLE{aban06,
  title = {Parameter Estimation for the Truncated {P}areto Distribution},
  author = {Aban, Inmaculada B. and Meerschaert, Mark M. and Panorska, Anna K.},
  year = {2006},
  journal=        "J. Amer. Statist. Assoc.",
  volume = {101},
  pages = {270-277},
  url = {http://EconPapers.repec.org/RePEc:bes:jnlasa:v:101:y:2006:p:270-277}
}

@article{TehJorBea2006,
author=         "Y. W. Teh and M. I. Jordan and M. J. Beal and D. M. Blei",
title=          "Hierarchical {D}irichlet Processes",
journal=        "J. Amer. Statist. Assoc.",
volume=         "101",
number=         "476",
pages=          "1566-1581",
year=           "2006"
}


@article{Lo1984,
original=	"papers/Lo1984-DPDensityEstimates.pdf",
author=		"A.Y. Lo",
title=		"On a Class of {B}ayesian Nonparametric Estimates: I. {D}ensity
		 Estimates",
journal=	"Ann.  Statist.",
volume=		"12",
number=		"1",
pages=		"351-357",
year=		"1984"
}

@Article{Kume:2013:SAN,
    author =       "A. Kume and S. P. Preston and Andrew T. A. Wood",
    title =        "Saddlepoint approximations for the normalizing
                         constant of {Fisher}--{Bingham} distributions on
                                          products of spheres and {Stiefel} manifolds",
    journal =      "Biometrika",
    volume =       "100",
    number =       "4",
    pages =        "971--984",
    month =        dec,
    year =         "2013",
    CODEN =        "BIOKAX",
    DOI =          "http://dx.doi.org/10.1093/biomet/ast021",
    ISSN =         "0006-3444 (print), 1464-3510 (electronic)",
    ISSN-L =       "0006-3444",
    MRclass =      "62E17 (62H11)",
    MRnumber =     "3142344",
    bibdate =      "Tue Jun 24 08:25:45 MDT 2014",
    bibsource =    "http://biomet.oxfordjournals.org/content/100/4.toc;
                     http://www.math.utah.edu/pub/tex/bib/biometrika2010.bib",
      URL =          "http://biomet.oxfordjournals.org/content/100/4/971",
      fjournal =     "Biometrika",
}

@article{little07,
  title = "Exploiting Nonlinear Recurrence and Fractal Scaling Properties for Voice Disorder Detection", 
  author = {Little, M. A. and  McSharry, P. E. and  Roberts, S. J. and Costello, D. A. E. and  Moroz, I. M. },
  journal = "Biomed. Eng. Online",
 year =  2007, 
 pages = "6--23",
}

@article{bladt2014,
author = "Bladt, Mogens and S{\o}rensen, Michael",
doi = "10.3150/12-BEJ501",
fjournal = "Bernoulli",
journal = "Bernoulli",
month = "05",
number = "2",
pages = "645--675",
publisher = "Bernoulli Society for Mathematical Statistics and Probability",
title = "Simple simulation of diffusion bridges with application to likelihood inference for diffusions",
url = "http://dx.doi.org/10.3150/12-BEJ501",
volume = "20",
year = "2014"
}

@article{leich09,
author = {M. W. Liechty and J. C. Liechty and P. M{\"u}ller},
title = {The Shadow Prior},
journal = {J. Comp. Graph. Statist.},
volume = {18},
number = {2},
pages = {368-383},
year = {2009},
doi = {10.1198/jcgs.2009.07072},
}

@Article{particleMCMC,
  author={Christophe Andrieu and Arnaud Doucet and Roman Holenstein},
  title={Particle Markov chain Monte Carlo methods},
  journal={Journal of the Royal Statistical Society Series B},
  year=2010,
  volume={72},
  number={3},
  pages={269-342},
  month={},
  keywords={},
  abstract={ Markov chain Monte Carlo and sequential Monte Carlo methods have emerged as the two main tools to sample from high dimensional probability distributions. Although asymptotic convergence of Markov chain Monte Carlo algorithms is ensured under weak assumptions, the performance of these algorithms is unreliable when the proposal distributions that are used to explore the space are poorly chosen and/or if highly correlated variables are updated independently. We show here how it is possible to build efficient high dimensional proposal distributions by using sequential Monte Carlo methods. This allows us not only to improve over standard Markov chain Monte Carlo schemes but also to make Bayesian inference feasible for a large class of statistical models where this was not previously so. We demonstrate these algorithms on a non-linear state space model and a Lévy-driven stochastic volatility model. Copyright (c) 2010 Royal Statistical Society.},
  url={http://ideas.repec.org/a/bla/jorssb/v72y2010i3p269-342.html}
}

@article{DahlinLS15,
  author    = {Johan Dahlin and
               Fredrik Lindsten and
               Thomas B. Sch{\"{o}}n},
  title     = {{Particle Metropolis--Hastings using gradient and Hessian information}},
  journal   = {Statistics and Computing},
  volume    = {25},
  number    = {1},
  pages     = {81--92},
  year      = {2015},
  url       = {http://dx.doi.org/10.1007/s11222-014-9510-0},
  doi       = {10.1007/s11222-014-9510-0},
  timestamp = {Fri, 30 Jan 2015 00:00:00 +0100},
  biburl    = {http://dblp.uni-trier.de/rec/bib/journals/sac/DahlinLS15},
  bibsource = {dblp computer science bibliography, http://dblp.org}
}

